@article{Mommert2019,
  doi = {10.21105/joss.01426},
  url = {https://doi.org/10.21105/joss.01426},
  year = {2019},
  publisher = {The Open Journal},
  volume = {4},
  number = {38},
  pages = {1426},
  author = {Michael Mommert and Michael S. p. Kelley and Miguel de Val-Borro and Jian-Yang Li and Giannina Guzman and Brigitta Sipőcz and Josef Ďurech and Mikael Granvik and Will Grundy and Nick Moskovitz and Antti Penttilä and Nalin Samarasinha},
  title = {sbpy: A Python module for small-body planetary astronomy},
  journal = {Journal of Open Source Software}
}
